@Misc{1,
OPTkey = {•},
author = {Staple,Gregory and Werbach,Kevin},
title = {The End of Spectrum Scarcity},
howpublished = {www.spectrum.ieee.org},
OPTmonth = {•},
OPTyear = {•},
OPTnote = {•},
OPTannote = {•}
}

@Misc{2,
OPTkey = {•},
author = {Raghavendra Sathyanarayana and Matti Raustia and Tuomo Hänninen and Markku Jokinen},
title = {CRAMNET},
howpublished = {www.cwc.oulu.fi},
OPTmonth = {•},
OPTyear = {•},
OPTnote = {•},
OPTannote = {•}
}

@Article{3,
author = {An He and Kyung Kyoon Bae and Timothy R. Newman and Joseph Gaeddert and Kyouwoong Kim and Rekha Menon and Lizdabel Morales-Tirado and James Neel and Youping Zhao and Jeffery Reed and William Tranter},
title = {A survey of Artificial Intelligence for Cognitive Radios},
journal = {IEEE Transactions on Vehicular-Technology},
year = {2010},
OPTkey = {•},
volume = {59},
number = {4},
OPTpages = {1578-1592},
OPTmonth = {May},
OPTnote = {•},
OPTannote = {•}
}

@Article{4,
author = {Charles Clancy and Joe Hecker and Erich Stuntebeck and Tim O'Shea},
title = {Application of Machine Learning to Cognitive Radio Networks},
journal = {IEEE Wireless communications},
year = {2007},
OPTkey = {•},
OPTvolume = {•},
OPTnumber = {•},
pages = {47-52},
month = {August},
OPTnote = {•},
OPTannote = {•}
}

@Misc{5,
OPTkey = {•},
OPTauthor = {Wireless at Virginia Tech},
title = {Cognitive Radio Networks},
howpublished = {wireless.vt.edu},
OPTmonth = {•},
OPTyear = {•},
OPTnote = {•},
OPTannote = {•}
}

@MISC{6,
author = {The Association for the Advancement of Artificial Intelligence},
title = {AI Topics},
year = {2013},
url = {http://www.aitopics.org}
}

@Article{7,
author = {A. Fehske and J. Gaeddert, and J. H. Reed},
title = {A new approach to signal classification using spectral correlation and neural networks},
journal = {IEEE Int. Symp. New Frontiers DySPAN},
year = {2005},
OPTkey = {•},
OPTvolume = {•},
OPTnumber = {•},
pages = {144-150},
OPTmonth = {Novemeber},
OPTnote = {•},
OPTannote = {•}
}

@Article{8,
author = {N. Baldo and M. Zorzi},
title = {Learning and adaptation in cognitive radios using neural networks},
journal = {Proc. 5th IEEE CCNC},
year = {2008},
OPTkey = {•},
OPTvolume = {•},
OPTnumber = {•},
OPTpages = {998-1003},
month = {January},
OPTnote = {•},
OPTannote = {•}
}


@Article{9,
author = {Timothy Newman and Rakesh Rajbanshi and Alexander Wyglinski and Joseph Evans and Gary Minden},
title = {Cognitive engine implementation for wireless multicarrier transceivers},
journal = {Wireless Commun. Mobile Comput.},
year = {2007},
OPTkey = {•},
volume = {7},
number = {9},
pages = {1129-1142},
month = {November},
OPTnote = {•},
OPTannote = {•}
}

@Article{10,
author = {Jae Kim and Sung Sohn and Ning Han and Guanbo Zheng and Young Kim and Joo Lee},
title = {Cognitive Radio Software Testbed using Dual Optimization in Genetice Algorithm},
journal = {Cognitive Radio Oriented Wireless Networks and Communications},
year = {2008},
OPTkey = {•},
OPTvolume = {•},
OPTnumber = {•},
OPTpages = {1-6},
month = {January},
OPTnote = {•},
OPTannote = {•}
}

@Article{11,
author = {Kiranjot Kaur and Munish Rattan and Manjeet Singh},
title = {Optimization of Cognitive Radio System Using Simulated Annealing},
journal = {Wireless Personal Communications},
year = {2012},
OPTkey = {•},
OPTvolume = {•},
OPTnumber = {•},
OPTpages = {•},
month = {October},
OPTnote = {•},
OPTannote = {•}
}

@Article{12,
author = {Anand Prabhu Subramanian and Himanshu Gupta and Samir Das},
title = {Minimum Interference Channel Assignment in Multi-Radio Wireless Mesh Networks},
journal = {Sensor, Mesh and Ad-hoc Communication and Networks},
year = {2007},
OPTkey = {•},
OPTvolume = {•},
OPTnumber = {•},
OPTpages = {481-490},
month = {June},
OPTnote = {•},
OPTannote = {•}
}

@Article{13,
author = {Qian He and Ping Zhang},
title = {Dynamic Channel Assignment Using Ant Colony Optimization for Cognitive Radio Networks},
journal = {Vehicular Technology Conference (VTC Fall), IEEE},
year = {2012},
OPTkey = {•},
OPTvolume = {•},
OPTnumber = {•},
pages = {1-5},
month = {September},
OPTnote = {•},
OPTannote = {•}
}

@Article{14,
author = {Ihsaan Akbar and William Tranter},
title = {Dynamic spectrum allocation in cognitive radio using hidden Markov models: Poisson distributed case},
journal = {Proc. IEEE Southeast Con},
year = {2007},
OPTkey = {•},
OPTvolume = {•},
OPTnumber = {•},
pages = {196-201},
month = {March},
OPTnote = {•},
OPTannote = {•}
}

@Article{15,
author = {Reed, J. and et al.},
title = {Development of a cognitive engine and analysis of WRAN cognitive radio algorithms—Phase II},
journal = {Wireless@Virginia Tech, Virginia Polytech. Inst. State Univ},
year = {2006},
OPTkey = {•},
OPTvolume = {•},
OPTnumber = {•},
OPTpages = {•},
month = {December},
OPTnote = {•},
OPTannote = {•}
}


@Article{16,
author = {Kokar, M. and Lechowicz, L.},
title = {Language issues for cognitive radio},
journal = {IEEE J. Sel. Areas Commun},
year = {2009},
OPTkey = {•},
volume = {97},
number = {4},
pages = {689-707},
month = {April},
OPTnote = {•},
OPTannote = {•}
}

@Article{17,
author = {J Wang and M Kokar and K Baclawski and D Brady},
title = {Achieving self-awareness of SDR nodes through ontology-based reasoning and reflection},
journal = {Proc. Tech. Conf. Product Expo. SDR},
year = {2004},
OPTkey = {•},
OPTvolume = {•},
OPTnumber = {•},
OPTpages = {•},
month = {November},
OPTnote = {•},
OPTannote = {•}
}

@Article{18,
author = {J Poston and W Horne and M Taylor and F Zhu},
title = {Ontology-based reasoning for context-aware radios: insights and findings from prototype development},
journal = {Proc. 1st IEEE Int. Symp. New Frontiers DySPAN},
year = {2005},
OPTkey = {•},
OPTvolume = {•},
OPTnumber = {•},
pages = {634-637},
month = {November},
OPTnote = {•},
OPTannote = {•}
}

@Article{19,
author = {Aamodt, A. and Plaza, E.},
title = {Case-Based Reasoning: Foundational Issues, Methodological Variations, and System Approaches},
journal = {AICom - Artificial Intelligence Communications},
year = {1994},
OPTkey = {•},
volume = {7},
number = {1},
pages = {39-59},
OPTmonth = {•},
OPTnote = {•},
OPTannote = {•}
}

@Article{20,
author = {Reed, J. and et al.},
title = {Development of a cognitive engine and analysis of WRAN cognitive radio algorithms—Phase III},
journal = {Wireless @ Virginia Tech, Virginia Polytech. Inst. State Univ},
year = {2007},
OPTkey = {•},
OPTvolume = {•},
OPTnumber = {•},
OPTpages = {•},
month = {December},
OPTnote = {•},
OPTannote = {•}
}

@Article{21,
author = {Khedr, M. and Shatila, H.},
title = {Cogmax: A cognitive radio approach for WiMAX systems},
journal = {•},
year = {2009},
OPTkey = {•},
OPTvolume = {•},
OPTnumber = {•},
pages = {550-554},
month = {May},
OPTnote = {•},
OPTannote = {•}
}

@Article{22,
author = {J Neel and R Buehrer and J Reed and Robert Gilles},
title = {Game theoretic analysis of a network of Cognitive Radios},
journal = {The 45th Midwest Symposium on Circuits and Systems},
year = {2002},
OPTkey = {•},
volume = {3},
OPTnumber = {•},
pages = {409-412},
month = {August},
OPTnote = {•},
OPTannote = {•}
}

@MISC{23,
author = {Wikipedia},
title = {Simulated Annealing},
month = April,
year = {2013},
url = {http://en.wikipedia.org/wiki/Simulated_annealing}
}

@MISC{24,
author = {Wikipedia},
title = {Ant colony optimization algorithms},
month = April,
year = {2013},
url = {http://en.wikipedia.org/wiki/Ant_colony_optimization_algorithms}
}
